@book{10.5555,
author = {Gerstner, Wulfram and Kistler, Werner M. and Naud, Richard and Paninski, Liam},
title = {Neuronal Dynamics: From Single Neurons to Networks and Models of Cognition},
year = {2014},
isbn = {1107635195},
publisher = {Cambridge University Press},
address = {USA},
}

@article{b3,
  title = {Networks of spiking neurons: The third generation of neural network models},
  journal = {Neural Networks},
  volume = {10},
  number = {9},
  pages = {1659-1671},
  year = {1997},
  issn = {0893-6080},

  author = {Wolfgang Maass},
  keywords = {Spiking neuron, Integrate-and-fire neutron, Computational complexity, Sigmoidal neural nets, Lower bounds}
}

@article{roy2019towards,
  author = {Kaushik Roy and Akhilesh Jaiswal and Priyadarshini Panda},
  title = {Towards spike-based machine intelligence with neuromorphic computing},
  journal = {Nature},
  volume = {575},
  number = {7784},
  pages = {607--617},
  year = {2019},
  doi = {10.1038/s41586-019-1677-2}
}

@misc{ding2024,
      title={Shrinking Your TimeStep: Towards Low-Latency Neuromorphic Object Recognition with Spiking Neural Network}, 
      author={Yongqi Ding and Lin Zuo and Mengmeng Jing and Pei He and Yongjun Xiao},
      year={2024},
      eprint={2401.01912},
      
}

@misc{hu2019,
      title={Squeeze-and-Excitation Networks}, 
      author={Jie Hu and Li Shen and Samuel Albanie and Gang Sun and Enhua Wu},
      year={2019},
      eprint={1709.01507},
      
}

@misc{han2015,
      title={Learning both Weights and Connections for Efficient Neural Networks}, 
      author={Song Han and Jeff Pool and John Tran and William J. Dally},
      year={2015},
      eprint={1506.02626},
      
}

@misc{fang2021,
      title={Incorporating Learnable Membrane Time Constant to Enhance Learning of Spiking Neural Networks}, 
      author={Wei Fang and Zhaofei Yu and Yanqi Chen and Timothee Masquelier and Tiejun Huang and Yonghong Tian},
      year={2021},
      eprint={2007.05785},
}

@inproceedings{rueckauer2017conversion,
  author    = {Bodo Rueckauer and Iulia-Alexandra Lungu and Yuhuang Hu and Michael Pfeiffer and Shih-Chii Liu},
  title     = {Conversion of Continuous-Valued Deep Networks to Efficient Event-Driven Networks for Image Classification},
  booktitle = {Proceedings of the International Conference on Neural Information Processing Systems (NeurIPS)},
  year      = {2017},
  pages     = {677--687}
}

@article{li2024error,
  author = {Yujie Li and Shikuang Deng and Xianghong Dong and Zhiwei Ding and Yujie Wu and Yufei Ding and Yiran Chen},
  title = {Error-Aware Conversion from ANN to SNN via Post-training Parameter Calibration},
  journal = {International Journal of Computer Vision},
  year = {2024},
  volume = {132},
  pages = {3586--3609},
  doi = {10.1007/s11263-024-02046-2}
}

@INPROCEEDINGS{han2020rmp,
  author={Han, Bing and Srinivasan, Gopalakrishnan and Roy, Kaushik},
  booktitle={2020 IEEE/CVF Conference on Computer Vision and Pattern Recognition (CVPR)}, 
  title={RMP-SNN: Residual Membrane Potential Neuron for Enabling Deeper High-Accuracy and Low-Latency Spiking Neural Network}, 
  year={2020},
  volume={},
  number={},
  pages={13555-13564},
  keywords={Training;Biological neural networks;Image recognition;Task analysis;Backpropagation},
  doi={10.1109/CVPR42600.2020.01357}}

@misc{qiu2024,
      title={Gated Attention Coding for Training High-performance and Efficient Spiking Neural Networks}, 
      author={Xuerui Qiu and Rui-Jie Zhu and Yuhong Chou and Zhaorui Wang and Liang-jian Deng and Guoqi Li},
      year={2024},
      eprint={2308.06582},
      archivePrefix={arXiv},
      primaryClass={cs.NE},
      url={https://arxiv.org/abs/2308.06582}, 
}

@misc{yu2025,
      title={FSTA-SNN:Frequency-based Spatial-Temporal Attention Module for Spiking Neural Networks}, 
      author={Kairong Yu and Tianqing Zhang and Hongwei Wang and Qi Xu},
      year={2025},
      eprint={2501.14744},
      archivePrefix={arXiv},
      primaryClass={cs.NE},
      url={https://arxiv.org/abs/2501.14744}, 
}

@misc{zhang2025,
      title={STAA-SNN: Spatial-Temporal Attention Aggregator for Spiking Neural Networks}, 
      author={Tianqing Zhang and Kairong Yu and Xian Zhong and Hongwei Wang and Qi Xu and Qiang Zhang},
      year={2025},
      eprint={2503.02689},
      archivePrefix={arXiv},
      primaryClass={cs.CV},
      url={https://arxiv.org/abs/2503.02689}, 
}

@misc{shen2024,
      title={TIM: An Efficient Temporal Interaction Module for Spiking Transformer}, 
      author={Sicheng Shen and Dongcheng Zhao and Guobin Shen and Yi Zeng},
      year={2024},
      eprint={2401.11687},
      archivePrefix={arXiv},
      primaryClass={cs.NE},
      url={https://arxiv.org/abs/2401.11687}, 
}

@INPROCEEDINGS{8578284,
  author={Sironi, Amos and Brambilla, Manuele and Bourdis, Nicolas and Lagorce, Xavier and Benosman, Ryad},
  booktitle={2018 IEEE/CVF Conference on Computer Vision and Pattern Recognition}, 
  title={HATS: Histograms of Averaged Time Surfaces for Robust Event-Based Object Classification}, 
  year={2018},
  volume={},
  number={},
  pages={1731-1740},
  keywords={Cameras;Computer architecture;Computer vision;Feature extraction;Robot vision systems;Standards;Detectors},
  doi={10.1109/CVPR.2018.00186}}

@article{10.5555/2728336.2728412,
author = {Brunel, Nicolas and Rossum, Mark C.},
title = {Quantitative investigations of electrical nerve excitation treated as polarization},
year = {2007},
issue_date = {December 2007},
publisher = {Springer-Verlag},
address = {Berlin, Heidelberg},
volume = {97},
number = {5–6},
issn = {0340-1200},
journal = {Biol. Cybern.},
month = dec,
pages = {341–349},
numpages = {9}
}

@article{zeng_improving_2017,
  title = {Improving multi-layer spiking neural networks by incorporating brain-inspired rules},
  author = {Zeng, Yi and Zhang, Tielin and Xu, Bo},
  journal = {Science China Information Sciences},
  volume = {60},
  number = {5},
  pages = {052201},
  year = {2017},
  doi = {10.1007/s11432-016-0439-4},
}

@ARTICLE{9138762,
  author={Gallego, Guillermo and Delbrück, Tobi and Orchard, Garrick and Bartolozzi, Chiara and Taba, Brian and Censi, Andrea and Leutenegger, Stefan and Davison, Andrew J. and Conradt, Jörg and Daniilidis, Kostas and Scaramuzza, Davide},
  journal={IEEE Transactions on Pattern Analysis and Machine Intelligence}, 
  title={Event-Based Vision: A Survey}, 
  year={2022},
  volume={44},
  number={1},
  pages={154-180},
  doi={10.1109/TPAMI.2020.3008413}}


@ARTICLE{10138927,
  author={Cai, Wuque and Sun, Hongze and Liu, Rui and Cui, Yan and Wang, Jun and Xia, Yang and Yao, Dezhong and Guo, Daqing},
  journal={IEEE Transactions on Neural Networks and Learning Systems}, 
  title={A Spatial–Channel–Temporal-Fused Attention for Spiking Neural Networks}, 
  year={2024},
  volume={35},
  number={10},
  pages={14315-14329},
  doi={10.1109/TNNLS.2023.3278265}}

@ARTICLE{726791,
  author={Lecun, Y. and Bottou, L. and Bengio, Y. and Haffner, P.},
  journal={Proceedings of the IEEE}, 
  title={Gradient-based learning applied to document recognition}, 
  year={1998},
  volume={86},
  number={11},
  pages={2278-2324},
  keywords={Neural networks;Pattern recognition;Machine learning;Optical character recognition software;Character recognition;Feature extraction;Multi-layer neural network;Optical computing;Hidden Markov models;Principal component analysis},
  doi={10.1109/5.726791}}

@article{redmon2018yolov3,
  title={YOLOv3: An Incremental Improvement},
  author={Redmon, Joseph and Farhadi, Ali},
  journal={arXiv preprint arXiv:1804.02767},
  year={2018}
}

@article{2021Towards,
  title={Towards Energy-efficient Quantized Deep Spiking Neural Networks for Hyperspectral Image Classification},
  author={ Datta, G.  and  Kundu, Souvik  and  Jaiswal, A.  and  Beerel, P. },
  journal={ArXiv},
  year={2021},
}

@article{TAVANAEI201947,
title = {Deep learning in spiking neural networks},
journal = {Neural Networks},
volume = {111},
pages = {47-63},
year = {2019},
issn = {0893-6080},
doi = {https://doi.org/10.1016/j.neunet.2018.12.002},
url = {https://www.sciencedirect.com/science/article/pii/S0893608018303332},
author = {Amirhossein Tavanaei and Masoud Ghodrati and Saeed Reza Kheradpisheh and Timothée Masquelier and Anthony Maida},

}

@article{10.1145/3065386,
author = {Krizhevsky, Alex and Sutskever, Ilya and Hinton, Geoffrey E.},
title = {ImageNet classification with deep convolutional neural networks},
year = {2017},
issue_date = {June 2017},
publisher = {Association for Computing Machinery},
address = {New York, NY, USA},
volume = {60},
number = {6},
issn = {0001-0782},
url = {https://doi.org/10.1145/3065386},
doi = {10.1145/3065386},
journal = {Commun. ACM},
month = may,
pages = {84–90},
numpages = {7}
}